<?xml version="1.0" encoding="UTF-8"?><collection xmlns="http://www.loc.gov/MARC21/slim"><record><leader>00636nam--2200181-i-4500</leader><controlfield tag="001">000033643</controlfield><controlfield tag="002">20161230</controlfield><controlfield tag="005">20161230201039</controlfield><controlfield tag="008">060222s1000------------r-----000-0-eng-d</controlfield><datafield ind1=" " ind2=" " tag="040"><subfield code="a">IFIN-HH</subfield></datafield><datafield ind1=" " ind2=" " tag="080"><subfield code="a">623.454.838(520):539.12.04</subfield></datafield><datafield ind1="1" ind2=" " tag="100"><subfield code="a">Neel, J.V</subfield></datafield><datafield ind1="1" ind2="0" tag="245"><subfield code="a">The effect of exposure to the atomic bombs on pregnancy termination in hiroshima and nagasaki</subfield><subfield code="b">Atomic bomb casuality commission, hirosima, japan</subfield><subfield code="c">J.v. neel, w.j. schull</subfield></datafield><datafield ind1=" " ind2=" " tag="260"><subfield code="a">Washington</subfield><subfield code="b">National Academy Of Sciences National Research Council</subfield><subfield code="c">1956</subfield></datafield><datafield ind1=" " ind2=" " tag="300"><subfield code="a">241P</subfield></datafield><datafield ind1="1" ind2=" " tag="700"><subfield code="a">Schull, W.J</subfield></datafield><datafield ind1=" " ind2=" " tag="852"><subfield code="a">45109</subfield><subfield code="c">539.12.04</subfield></datafield><datafield ind1=" " ind2=" " tag="CAT"><subfield code="a">Sys</subfield><subfield code="c">20120207</subfield><subfield code="h">171643</subfield></datafield></record></collection>